@article{trigueros,
author = {Saez Trigueros, Daniel and Meng, Li and Hartnett, Margaret},
year = {2018},
month = {10},
pages = {},
title = {Face Recognition: From Traditional to Deep Learning Methods}
}


@article{otto,
author = {Otto, Charles and Wang, Dayong and Jain, Anil},
year = {2016},
month = {04},
pages = {},
title = {Clustering Millions of Faces by Identity},
volume = {PP},
journal = {IEEE Transactions on Pattern Analysis and Machine Intelligence},
doi = {10.1109/TPAMI.2017.2679100}
}

@article{zhang,
author = {Zhang, Kaipeng and Zhang, Zhanpeng and Li, Zhifeng and Qiao, Yu},
year = {2016},
month = {04},
pages = {},
title = {Joint Face Detection and Alignment Using Multitask Cascaded Convolutional Networks},
volume = {23},
journal = {IEEE Signal Processing Letters},
doi = {10.1109/LSP.2016.2603342}
}

@article{chinapas,
author = {Chinapas, Adulwit and Polpinit, Pattarawit and Intiruk, Narong and Saikaew, Kanda},
year = {2019},
month = {08},
pages = {407-412},
title = {Personal Verification System Using ID Card and Face Photo},
volume = {9},
journal = {International Journal of Machine Learning and Computing},
doi = {10.18178/ijmlc.2019.9.4.818}
}


@techreport{amos,
  title={OpenFace: A general-purpose face recognition
    library with mobile applications},
  author={Amos, Brandon and Bartosz Ludwiczuk and Satyanarayanan, Mahadev},
  year={2016},
  institution={CMU-CS-16-118, CMU School of Computer Science},
}


@misc{hackevolve,
  title = {Face Recognition with Deep Learning},
  year = {2017},
  howpublished = {\url{https://www.hackevolve.com/face-recognition-deep-learning/}}
}


@misc{pic1,
  howpublished = {\url{https://i.pinimg.com/originals/76/c3/ea/76c3ea5bcd34a4d7435320c05651d494.jpg}}
}

@misc{pic2,
  howpublished = {\url{https://www.slovenskenovice.si/images/slike/2018/04/28/239717.jpg}}
}
