@INPROCEEDINGS{7410780,
author={J. {Joo} and F. F. {Steen} and S. {Zhu}},
booktitle={2015 IEEE International Conference on Computer Vision (ICCV)},
title={Automated Facial Trait Judgment and Election Outcome Prediction: Social Dimensions of Face},
year={2015},
volume={},
number={},
pages={3712-3720},
keywords={face recognition;politics;automated visual trait analysis;United States elections;political elections;face social dimensions;election outcome prediction;automated facial trait judgment;Face;Nominations and elections;History;Computer vision;Visualization;Computational modeling},
doi={10.1109/ICCV.2015.423},
ISSN={},
month={Dec},}
